@misc{PSR,
  author       = {PHP-FIG},
  title        = {PSR-12: Extended Coding Style - PHP-FIG},
  howpublished = {\\\url{https://www.php-fig.org/psr/psr-12/}},
  note         = {(Accessed on 15/12/2023)}
}