@misc{home_delivery_2022,
  author = {国土交通省},
  title = {令和４年度 宅配便等取扱個数の調査及び集計方法},
  year = {2022},
  howpublished = {\url{https://www.mlit.go.jp/report/press/content/001625915.pdf}}
}
@misc{working_population_2022,
  author = {内閣府},
  title = {令和4年版高齢社会白書},
  year = {2022},
  howpublished = {\url{https://www8.cao.go.jp/kourei/whitepaper/w-2022/zenbun/pdf/1s1s_01.pdf}},
}
