@misc{home_delivery_2022,
  author       = {国土交通省},
  title        = {令和４年度 宅配便等取扱個数の調査及び集計方法},
  howpublished = {\\\url{https://www.mlit.go.jp/report/press/content/001625915.pdf}},
  note         = {(Accessed on 23/10/2023)}
}
@misc{delivery_guidelines_2023,
  author       = {国土交通省},
  title        = {ドローンを活用した荷物等配送に関するガイドライン Ver.4.0},
  year         = {2023},
  howpublished = {\\\url{https://www.mlit.go.jp/seisakutokatsu/freight/content/001601194.pdf}},
  note         = {(Accessed on 23/10/2023)}
}
@misc{prohibited_guidelines,
  author       = {国土交通省},
  title        = {無人航空機の飛行禁止空域と飛行の方法},
  howpublished = {\\\url{https://www.mlit.go.jp/koku/koku_fr10_000041.html}},
  note         = {(Accessed on 23/10/2023)}
}
@misc{working_population_2022,
  author       = {内閣府},
  title        = {令和4年版高齢社会白書},
  howpublished = {\\\url{https://www8.cao.go.jp/kourei/whitepaper/w-2022/zenbun/pdf/1s1s_01.pdf}},
  note         = {(Accessed on 23/10/2023)}
}
@misc{truck_freight_2020,
  author       = {国土交通省,公益財団法人全日本トラック協会},
  title        = {トラック輸送の「標準的な運賃」},
  howpublished = {\\\url{https://wwwtb.mlit.go.jp/kanto/content/000275060.pdf}},
  note         = {(Accessed on 23/10/2023)}
}
@book{textbook_1,
  author    = {駒谷 昇一,鶴保 征城},
  title     = {ずっと受けたかったソフトウェアエンジニアリングの授業1 増補改訂版},
  year      = {2011/1/28},
  publisher = {翔泳社},
  isbn      = {4798119326}
}
@book{textbook_2,
  author    = {駒谷 昇一,鶴保 征城},
  title     = {ずっと受けたかったソフトウェアエンジニアリングの授業2 増補改訂版},
  year      = {2011/1/28},
  publisher = {翔泳社},
  isbn      = {4798119326}
}
@misc{aeronext_airtruck,
  author       = {株式会社エアロネクスト},
  title        = {物流専用ドローン {A}ir{T}ruck},
  howpublished = {\\\url{https://aeronext.co.jp/service/airtruck/}},
  note         = {(Accessed on 22/10/2023)}
}
@misc{nipponkaiji_shikaku,
  author       = {日本海自協会},
  title        = {受験資格},
  howpublished = {\\\url{https://ua-remote-pilot-exam.com/guide/eligibility/}},
  note         = {(Accessed on 23/10/2023)}
}
@misc{truckingAssociation,
  author       = {全日本トラック協会、都道府県トラック協会},
  title        = {準中型免許},
  howpublished = {\\\url{https://ua-remote-pilot-exam.com/guide/eligibility/}},
  note         = {(Accessed on 25/10/2023)}
}
@misc{kddi_drone_academy,
  author       = {KDDIスマートドローンアカデミー},
  title        = {一等・二等無人航空機操縦士取得コース},
  howpublished = {\\\url{https://kddi.smartdrone.co.jp/academy/license/}},
  note         = {(Accessed on 25/10/2023)}
}
@misc{kochi_track,
  author       = {一宮・高知県自動車学校},
  title        = {【解説】準中型免許とは？～取得費用や日数について解説},
  howpublished = {\\\url{https://ikku-kds.com/news/post-0-7/}},
  note         = {(Accessed on 25/10/2023)}
}