@misc{home_delivery_2022,
  author       = {国土交通省},
  title        = {令和４年度 宅配便等取扱個数の調査及び集計方法},
  howpublished = {\\\url{https://www.mlit.go.jp/report/press/content/001625915.pdf}},
  note         = {(Accessed on 23/10/2023)}
}
@misc{Human_Resource,
  author       = {ヤマトリース株式会社},
  title        = {人材不足の現状について},
  year         = {2023},
  howpublished = {\\\url{https://web.yamatolease.co.jp/article/23f2a87bb07d75119ab427eec238509c.}},
  note         = {(Accessed on 18/11/2023)}
}